@INPROCEEDINGS{Gressler2010,
   author = {{Gressler}, W.~J. and {Doherty}, P. and {Krabbendam}, V.~L. and 
	{Liang}, M. and {Saha}, A. and {Stubbs}, C.~W. and {Vaz}, A.
	},
    title = "{Calibration dome screen for the Large Synoptic Survey Telescope}",
booktitle = {Society of Photo-Optical Instrumentation Engineers (SPIE) Conference Series},
     year = 2010,
   series = {Presented at the Society of Photo-Optical Instrumentation Engineers (SPIE) Conference},
   volume = 7739,
    month = jul,
      doi = {10.1117/12.857425},
   adsurl = {http://adsabs.harvard.edu/abs/2010SPIE.7739E..53G},
  adsnote = {Provided by the SAO/NASA Astrophysics Data System}
}


@ARTICLE{Stubbs2010,
   author = {{Stubbs}, C.~W. and {Doherty}, P. and {Cramer}, C. and {Narayan}, G. and 
	{Brown}, Y.~J. and {Lykke}, K.~R. and {Woodward}, J.~T. and 
	{Tonry}, J.~L.},
    title = "{Precise Throughput Determination of the PanSTARRS Telescope and the Gigapixel Imager Using a Calibrated Silicon Photodiode and a Tunable Laser: Initial Results}",
  journal = {\apjs},
archivePrefix = "arXiv",
   eprint = {1003.3465},
 primaryClass = "astro-ph.IM",
 keywords = {instrumentation: detectors, instrumentation: photometers, surveys, techniques: photometric },
     year = 2010,
    month = dec,
   volume = 191,
    pages = {376-388},
      doi = {10.1088/0067-0049/191/2/376},
   adsurl = {http://adsabs.harvard.edu/abs/2010ApJS..191..376S},
  adsnote = {Provided by the SAO/NASA Astrophysics Data System}
}

@INPROCEEDINGS{Stubbs2007a,
   author = {{Stubbs}, C.~W. and {Slater}, S.~K. and {Brown}, Y.~J. and {Sherman}, D. and 
	{Smith}, R.~C. and {Tonry}, J.~L. and {Suntzeff}, N.~B. and 
	{Saha}, A. and {Masiero}, J. and {Rodney}, S.},
    title = "{Preliminary Results from Detector-Based Throughput Calibration of the CTIO Mosaic Imager and Blanco Telescope Using a Tunable Laser}",
booktitle = {The Future of Photometric, Spectrophotometric and Polarimetric Standardization},
     year = 2007,
   series = {Astronomical Society of the Pacific Conference Series},
   volume = 364,
   eprint = {arXiv:astro-ph/0609260},
   editor = "{C.~Sterken}",
    month = apr,
    pages = {373-+},
   adsurl = {http://adsabs.harvard.edu/abs/2007ASPC..364..373S},
  adsnote = {Provided by the SAO/NASA Astrophysics Data System}
}


@ARTICLE{Stubbs2007b,
   author = {{Stubbs}, C.~W. and {High}, F.~W. and {George}, M.~R. and {DeRose}, K.~L. and 
	{Blondin}, S. and {Tonry}, J.~L. and {Chambers}, K.~C. and {Granett}, B.~R. and 
	{Burke}, D.~L. and {Smith}, R.~C.},
    title = "{Toward More Precise Survey Photometry for PanSTARRS and LSST: Measuring Directly the Optical Transmission Spectrum of the Atmosphere}",
  journal = {\pasp},
archivePrefix = "arXiv",
   eprint = {0708.1364},
 keywords = {Astronomical Phenomena and Seeing},
     year = 2007,
    month = oct,
   volume = 119,
    pages = {1163-1178},
      doi = {10.1086/522208},
   adsurl = {http://adsabs.harvard.edu/abs/2007PASP..119.1163S},
  adsnote = {Provided by the SAO/NASA Astrophysics Data System}
}


@INPROCEEDINGS{Burke2010,
   author = {{Burke}, D.~L. and {Axelrod}, T. and {Barrau}, A. and {Baumont}, S. and 
	{Blondin}, S. and {Claver}, C. and {Gorecki}, A. and {Ivezic}, Z. and 
	{Jones}, L. and {Krabbendam}, V. and {Liang}, M. and {Saha}, A. and 
	{Smith}, A. and {Smith}, R.~C. and {Stubbs}, C.~W. and {Vescovi}, C. and 
	{Team}, L.~P.},
    title = "{Calibration of the LSST instrumental and atmospheric photometric passbands}",
booktitle = {Society of Photo-Optical Instrumentation Engineers (SPIE) Conference Series},
     year = 2010,
   series = {Presented at the Society of Photo-Optical Instrumentation Engineers (SPIE) Conference},
   volume = 7737,
    month = jul,
      doi = {10.1117/12.857236},
   adsurl = {http://adsabs.harvard.edu/abs/2010SPIE.7737E..32B},
  adsnote = {Provided by the SAO/NASA Astrophysics Data System}
}


