@INPROCEEDINGS{Gressler2010,
   author = {{Gressler}, W.~J. and {Doherty}, P. and {Krabbendam}, V.~L. and 
	{Liang}, M. and {Saha}, A. and {Stubbs}, C.~W. and {Vaz}, A.
	},
    title = "{Calibration dome screen for the Large Synoptic Survey Telescope}",
booktitle = {Society of Photo-Optical Instrumentation Engineers (SPIE) Conference Series},
     year = 2010,
   series = {Presented at the Society of Photo-Optical Instrumentation Engineers (SPIE) Conference},
   volume = 7739,
    month = jul,
      doi = {10.1117/12.857425},
   adsurl = {http://adsabs.harvard.edu/abs/2010SPIE.7739E..53G},
  adsnote = {Provided by the SAO/NASA Astrophysics Data System}
}

@ARTICLE{Stubbs2010a,
   author = {{Stubbs}, C.~W. and {Doherty}, P. and {Cramer}, C. and {Narayan}, G. and 
	{Brown}, Y.~J. and {Lykke}, K.~R. and {Woodward}, J.~T. and 
	{Tonry}, J.~L.},
    title = "{Precise Throughput Determination of the PanSTARRS Telescope and the Gigapixel Imager Using a Calibrated Silicon Photodiode and a Tunable Laser: Initial Results}",
  journal = {\apjs},
archivePrefix = "arXiv",
   eprint = {1003.3465},
 primaryClass = "astro-ph.IM",
 keywords = {instrumentation: detectors, instrumentation: photometers, surveys, techniques: photometric },
     year = 2010,
    month = dec,
   volume = 191,
    pages = {376-388},
      doi = {10.1088/0067-0049/191/2/376},
   adsurl = {http://adsabs.harvard.edu/abs/2010ApJS..191..376S},
  adsnote = {Provided by the SAO/NASA Astrophysics Data System}
}

@INPROCEEDINGS{Stubbs2007a,
   author = {{Stubbs}, C.~W. and {Slater}, S.~K. and {Brown}, Y.~J. and {Sherman}, D. and 
	{Smith}, R.~C. and {Tonry}, J.~L. and {Suntzeff}, N.~B. and 
	{Saha}, A. and {Masiero}, J. and {Rodney}, S.},
    title = "{Preliminary Results from Detector-Based Throughput Calibration of the CTIO Mosaic Imager and Blanco Telescope Using a Tunable Laser}",
booktitle = {The Future of Photometric, Spectrophotometric and Polarimetric Standardization},
     year = 2007,
   series = {Astronomical Society of the Pacific Conference Series},
   volume = 364,
   eprint = {arXiv:astro-ph/0609260},
   editor = "{C.~Sterken}",
    month = apr,
    pages = {373-+},
   adsurl = {http://adsabs.harvard.edu/abs/2007ASPC..364..373S},
  adsnote = {Provided by the SAO/NASA Astrophysics Data System}
}

@ARTICLE{Stubbs2007b,
   author = {{Stubbs}, C.~W. and {High}, F.~W. and {George}, M.~R. and {DeRose}, K.~L. and 
	{Blondin}, S. and {Tonry}, J.~L. and {Chambers}, K.~C. and {Granett}, B.~R. and 
	{Burke}, D.~L. and {Smith}, R.~C.},
    title = "{Toward More Precise Survey Photometry for PanSTARRS and LSST: Measuring Directly the Optical Transmission Spectrum of the Atmosphere}",
  journal = {\pasp},
archivePrefix = "arXiv",
   eprint = {0708.1364},
 keywords = {Astronomical Phenomena and Seeing},
     year = 2007,
    month = oct,
   volume = 119,
    pages = {1163-1178},
      doi = {10.1086/522208},
   adsurl = {http://adsabs.harvard.edu/abs/2007PASP..119.1163S},
  adsnote = {Provided by the SAO/NASA Astrophysics Data System}
}

@ARTICLE{StubbsTonry2006, 
   author = {{Stubbs}, C.~W. and {Tonry}, J.~L.},
    title = "{Toward 1\% Photometry: End-to-End Calibration of Astronomical Telescopes and Detectors}",
  journal = {\apj},
   eprint = {arXiv:astro-ph/0604285},
 keywords = {Atmospheric Effects, Instrumentation: Detectors, Instrumentation: Photometers},
     year = 2006,
    month = aug,
   volume = 646,
    pages = {1436-1444},
      doi = {10.1086/505138},
   adsurl = {http://adsabs.harvard.edu/abs/2006ApJ...646.1436S},
  adsnote = {Provided by the SAO/NASA Astrophysics Data System}
}

@ARTICLE{Eppeldauer09,
   author = {{Eppeldauer}, G.~P. and {Yoon}, H.~W. and {Zong}, Y. and {Larason}, T.~C. and 
	{Smith}, A. and {Racz}, M.},
    title = "{Radiometer standard for absolute responsivity calibrations from 950 nm to 1650 nm with 0.05\% (k = 2) uncertainty}",
  journal = {Metrologia},
     year = 2009,
    month = aug,
   volume = 46,
    pages = {139-+},
      doi = {10.1088/0026-1394/46/4/S01},
   adsurl = {http://adsabs.harvard.edu/abs/2009Metro..46S.139E},
  adsnote = {Provided by the SAO/NASA Astrophysics Data System}
}

@ARTICLE{Burke2010b, 
   author = {{Burke}, D.~L. and {Axelrod}, T. and {Blondin}, S. and {Claver}, C. and 
	{Ivezi{\'c}}, {\v Z}. and {Jones}, L. and {Saha}, A. and {Smith}, A. and 
	{Smith}, R.~C. and {Stubbs}, C.~W.},
    title = "{Precision Determination of Atmospheric Extinction at Optical and Near-infrared Wavelengths}",
  journal = {\apj},
 keywords = {atmospheric effects, methods: observational, surveys, techniques: photometric},
     year = 2010,
    month = sep,
   volume = 720,
    pages = {811-823},
      doi = {10.1088/0004-637X/720/1/811},
   adsurl = {http://adsabs.harvard.edu/abs/2010ApJ...720..811B},
  adsnote = {Provided by the SAO/NASA Astrophysics Data System}
}



@INPROCEEDINGS{Burke2010a,
   author = {{Burke}, D.~L. and {Axelrod}, T. and {Barrau}, A. and {Baumont}, S. and 
	{Blondin}, S. and {Claver}, C. and {Gorecki}, A. and {Ivezic}, Z. and 
	{Jones}, L. and {Krabbendam}, V. and {Liang}, M. and {Saha}, A. and 
	{Smith}, A. and {Smith}, R.~C. and {Stubbs}, C.~W. and {Vescovi}, C. and 
	{Team}, L.~P.},
    title = "{Calibration of the LSST instrumental and atmospheric photometric passbands}",
booktitle = {Society of Photo-Optical Instrumentation Engineers (SPIE) Conference Series},
     year = 2010,
   series = {Presented at the Society of Photo-Optical Instrumentation Engineers (SPIE) Conference},
   volume = 7737,
    month = jul,
      doi = {10.1117/12.857236},
   adsurl = {http://adsabs.harvard.edu/abs/2010SPIE.7737E..32B},
  adsnote = {Provided by the SAO/NASA Astrophysics Data System}
}

@ARTICLE{Ivezic2007, 
   author = {{Ivezi{\'c}}, {\v Z}. and {Smith}, J.~A. and {Miknaitis}, G. and 
	{Lin}, H. and {Tucker}, D. and {Lupton}, R.~H. and {Gunn}, J.~E. and 
	{Knapp}, G.~R. and {Strauss}, M.~A. and {Sesar}, B. and {Doi}, M. and 
	{Tanaka}, M. and {Fukugita}, M. and {Holtzman}, J. and {Kent}, S. and 
	{Yanny}, B. and {Schlegel}, D. and {Finkbeiner}, D. and {Padmanabhan}, N. and 
	{Rockosi}, C.~M. and {Juri{\'c}}, M. and {Bond}, N. and {Lee}, B. and 
	{Stoughton}, C. and {Jester}, S. and {Harris}, H. and {Harding}, P. and 
	{Morrison}, H. and {Brinkmann}, J. and {Schneider}, D.~P. and 
	{York}, D.},
    title = "{Sloan Digital Sky Survey Standard Star Catalog for Stripe 82: The Dawn of Industrial 1\% Optical Photometry}",
  journal = {\aj},
   eprint = {arXiv:astro-ph/0703157},
 keywords = {catalogs, instrumentation: photometers, methods: data analysis, standards, surveys, techniques: photometric },
     year = 2007,
    month = sep,
   volume = 134,
    pages = {973-998},
      doi = {10.1086/519976},
   adsurl = {http://adsabs.harvard.edu/abs/2007AJ....134..973I},
  adsnote = {Provided by the SAO/NASA Astrophysics Data System}
}

@INPROCEEDINGS{Jones2010, 
   author = {{Jones}, R.~L. and {Padmanabhan}, N. and {Ivezic}, Z. and {Axelrod}, T. and 
	{Bartlett}, J. and {Burke}, D. and {Cinabro}, D. and {Cr{\'e}ze}, M. and 
	{Popescu}, B. and {Saha}, A.},
    title = "{Solving the global photometric self-calibration problem in LSST}",
booktitle = {Society of Photo-Optical Instrumentation Engineers (SPIE) Conference Series},
     year = 2010,
   series = {Presented at the Society of Photo-Optical Instrumentation Engineers (SPIE) Conference},
   volume = 7737,
    month = jul,
      doi = {10.1117/12.857743},
   adsurl = {http://adsabs.harvard.edu/abs/2010SPIE.7737E..33J},
  adsnote = {Provided by the SAO/NASA Astrophysics Data System}
}


@ARTICLE{Padmanabhan2008, 
   author = {{Padmanabhan}, N. and {Schlegel}, D.~J. and {Finkbeiner}, D.~P. and 
	{Barentine}, J.~C. and {Blanton}, M.~R. and {Brewington}, H.~J. and 
	{Gunn}, J.~E. and {Harvanek}, M. and {Hogg}, D.~W. and {Ivezi{\'c}}, {\v Z}. and 
	{Johnston}, D. and {Kent}, S.~M. and {Kleinman}, S.~J. and {Knapp}, G.~R. and 
	{Krzesinski}, J. and {Long}, D. and {Neilsen}, Jr., E.~H. and 
	{Nitta}, A. and {Loomis}, C. and {Lupton}, R.~H. and {Roweis}, S. and 
	{Snedden}, S.~A. and {Strauss}, M.~A. and {Tucker}, D.~L.},
    title = "{An Improved Photometric Calibration of the Sloan Digital Sky Survey Imaging Data}",
  journal = {\apj},
   eprint = {arXiv:astro-ph/0703454},
 keywords = {Techniques: Photometric},
     year = 2008,
    month = feb,
   volume = 674,
    pages = {1217-1233},
      doi = {10.1086/524677},
   adsurl = {http://adsabs.harvard.edu/abs/2008ApJ...674.1217P},
  adsnote = {Provided by the SAO/NASA Astrophysics Data System}
}

@ARTICLE{Kurucz1993,
   author = {{Kurucz}, R.~L.},
    title = "{Model Atmospheres (Kurucz, 1979)}",
  journal = {VizieR Online Data Catalog},
 keywords = {Models: atmosphere},
     year = 1993,
    month = oct,
   volume = 6039,
    pages = {0-+},
   adsurl = {http://adsabs.harvard.edu/abs/1993yCat.6039....0K},
  adsnote = {Provided by the SAO/NASA Astrophysics Data System}
}


@ARTICLE{Regnault2009,
   author = {{Regnault}, N. and {Conley}, A. and {Guy}, J. and {Sullivan}, M. and 
	{Cuillandre}, {J.-C.} and {Astier}, P. and {Balland}, C. and 
	{Basa}, S. and {Carlberg}, R.~G. and {Fouchez}, D. and {Hardin}, D. and 
	{Hook}, I.~M. and {Howell}, D.~A. and {Pain}, R. and {Perrett}, K. and 
	{Pritchet}, C.~J.},
    title = "{Photometric calibration of the Supernova Legacy Survey fields}",
  journal = {\aap},
archivePrefix = "arXiv",
   eprint = {0908.3808},
 primaryClass = "astro-ph.IM",
 keywords = {cosmology: observations, techniques: photometric, methods: observational},
     year = 2009,
    month = nov,
   volume = 506,
    pages = {999-1042},
      doi = {10.1051/0004-6361/200912446},
   adsurl = {http://adsabs.harvard.edu/abs/2009A%26A...506..999R},
  adsnote = {Provided by the SAO/NASA Astrophysics Data System}
}

@ARTICLE{Magnier2004,
   author = {{Magnier}, E.~A. and {Cuillandre}, {J.-C.}},
    title = "{The Elixir System: Data Characterization and Calibration at the Canada-France-Hawaii Telescope}",
  journal = {\pasp},
 keywords = {Techniques: Image Processing, astronomical databases: miscellaneous},
     year = 2004,
    month = may,
   volume = 116,
    pages = {449-464},
      doi = {10.1086/420756},
   adsurl = {http://adsabs.harvard.edu/abs/2004PASP..116..449M},
  adsnote = {Provided by the SAO/NASA Astrophysics Data System}
}

@ARTICLE{Manfroid1996,
   author = {{Manfroid}, J.},
    title = "{On CCD standard stars and flat-field calibration.}",
  journal = {\aaps},
 keywords = {INSTRUMENTATION: DETECTORS, METHODS: DATA ANALYSIS, METHODS: OBSERVATIONAL, TECHNIQUES: IMAGE PROCESSING, TECHNIQUES: PHOTOMETRIC CLOSENV},
     year = 1996,
    month = aug,
   volume = 118,
    pages = {391-395},
   adsurl = {http://adsabs.harvard.edu/abs/1996A%26AS..118..391M},
  adsnote = {Provided by the SAO/NASA Astrophysics Data System}
}

@INPROCEEDINGS{modtran4a,
   author = {{Berk}, A. and {Anderson}, G.~P. and {Bernstein}, L.~S. and 
	{Acharya}, P.~K. and {Dothe}, H. and {Matthew}, M.~W. and {Adler-Golden}, S.~M. and 
	{Chetwynd}, J.~H. and {Richtsmeier}, S.~C. and {Pukall}, B. and 
	{Allred}, C.~L. and {Jeong}, L.~S. and {Hoke}, M.~L.},
    title = "{MODTRAN4 radiative transfer modeling for atmospheric correction}",
booktitle = {Society of Photo-Optical Instrumentation Engineers (SPIE) Conference Series},
     year = 1999,
   series = {Society of Photo-Optical Instrumentation Engineers (SPIE) Conference Series},
   volume = 3756,
   editor = "{A.~M.~Larar}",
    month = oct,
    pages = {348-353},
   adsurl = {http://adsabs.harvard.edu/abs/1999SPIE.3756..348B},
  adsnote = {Provided by the SAO/NASA Astrophysics Data System}
}

@INPROCEEDINGS{modtran4b, 
   author = {{Anderson}, G.~P. and {Berk}, A. and {Acharya}, P.~K. and {Matthew}, M.~W. and 
	{Bernstein}, L.~S. and {Chetwynd}, J.~H. and {Dothe}, H. and 
	{Adler-Golden}, S.~M. and {Ratkowski}, A.~J. and {Felde}, G.~W. and 
	{Gardner}, J.~A. and {Hoke}, M.~L. and {Richtsmeier}, S.~C. and 
	{Jeong}, L.~S.},
    title = "{MODTRAN4 version 2: radiative transfer modeling}",
booktitle = {Society of Photo-Optical Instrumentation Engineers (SPIE) Conference Series},
     year = 2001,
   series = {Society of Photo-Optical Instrumentation Engineers (SPIE) Conference Series},
   volume = 4381,
   editor = "{S.~S.~Shen \& M.~R.~Descour}",
    month = aug,
    pages = {455-459},
   adsurl = {http://adsabs.harvard.edu/abs/2001SPIE.4381..455A},
  adsnote = {Provided by the SAO/NASA Astrophysics Data System}
}


@ARTICLE{Hansen1974, 
   author = {{Hansen}, J.~E. and {Travis}, L.~D.},
    title = "{Light scattering in planetary atmospheres}",
  journal = {\ssr},
 keywords = {ATMOSPHERIC OPTICS, ATMOSPHERIC SCATTERING, LIGHT SCATTERING, OPTICAL REFLECTION, PLANETARY ATMOSPHERES, ALBEDO, ANGULAR DISTRIBUTION, INTEGRAL EQUATIONS, INVARIANT IMBEDDINGS, MIE SCATTERING, MONTE CARLO METHOD, PARTICLE SIZE DISTRIBUTION, POLARIZATION CHARACTERISTICS, RAYLEIGH SCATTERING, REFRACTIVITY},
     year = 1974,
    month = oct,
   volume = 16,
    pages = {527-610},
      doi = {10.1007/BF00168069},
   adsurl = {http://adsabs.harvard.edu/abs/1974SSRv...16..527H},
  adsnote = {Provided by the SAO/NASA Astrophysics Data System}
}


@ARTICLE{VandenBerk2001,
   author = {{Vanden Berk}, D.~E. and {Richards}, G.~T. and {Bauer}, A. and 
	{Strauss}, M.~A. and {Schneider}, D.~P. and {Heckman}, T.~M. and 
	{York}, D.~G. and {Hall}, P.~B. and {Fan}, X. and {Knapp}, G.~R. and 
	{Anderson}, S.~F. and {Annis}, J. and {Bahcall}, N.~A. and {Bernardi}, M. and 
	{Briggs}, J.~W. and {Brinkmann}, J. and {Brunner}, R. and {Burles}, S. and 
	{Carey}, L. and {Castander}, F.~J. and {Connolly}, A.~J. and 
	{Crocker}, J.~H. and {Csabai}, I. and {Doi}, M. and {Finkbeiner}, D. and 
	{Friedman}, S. and {Frieman}, J.~A. and {Fukugita}, M. and {Gunn}, J.~E. and 
	{Hennessy}, G.~S. and {Ivezi{\'c}}, {\v Z}. and {Kent}, S. and 
	{Kunszt}, P.~Z. and {Lamb}, D.~Q. and {Leger}, R.~F. and {Long}, D.~C. and 
	{Loveday}, J. and {Lupton}, R.~H. and {Meiksin}, A. and {Merelli}, A. and 
	{Munn}, J.~A. and {Newberg}, H.~J. and {Newcomb}, M. and {Nichol}, R.~C. and 
	{Owen}, R. and {Pier}, J.~R. and {Pope}, A. and {Rockosi}, C.~M. and 
	{Schlegel}, D.~J. and {Siegmund}, W.~A. and {Smee}, S. and {Snir}, Y. and 
	{Stoughton}, C. and {Stubbs}, C. and {SubbaRao}, M. and {Szalay}, A.~S. and 
	{Szokoly}, G.~P. and {Tremonti}, C. and {Uomoto}, A. and {Waddell}, P. and 
	{Yanny}, B. and {Zheng}, W.},
    title = "{Composite Quasar Spectra from the Sloan Digital Sky Survey}",
  journal = {\aj},
   eprint = {arXiv:astro-ph/0105231},
 keywords = {Galaxies: Quasars: Emission Lines, Galaxies: Quasars: General},
     year = 2001,
    month = aug,
   volume = 122,
    pages = {549-564},
      doi = {10.1086/321167},
   adsurl = {http://adsabs.harvard.edu/abs/2001AJ....122..549V},
  adsnote = {Provided by the SAO/NASA Astrophysics Data System}
}

@ARTICLE{Nugent2002,
   author = {{Nugent}, P. and {Kim}, A. and {Perlmutter}, S.},
    title = "{K-Corrections and Extinction Corrections for Type Ia Supernovae}",
  journal = {\pasp},
   eprint = {arXiv:astro-ph/0205351},
 keywords = {Cosmology: Observations, Stars: Supernovae: General},
     year = 2002,
    month = aug,
   volume = 114,
    pages = {803-819},
      doi = {10.1086/341707},
   adsurl = {http://adsabs.harvard.edu/abs/2002PASP..114..803N},
  adsnote = {Provided by the SAO/NASA Astrophysics Data System}
}



@ARTICLE{1992JRASC..86..309B,
   author = {{Bergeron}, P.},
    title = "{Evolution of the chemical abundance of the surfaces of cold DA white dwarfs}",
  journal = {\jrasc},
 keywords = {ABUNDANCE, STELLAR ATMOSPHERES, STELLAR COMPOSITION, STELLAR STRUCTURE, WHITE DWARF STARS, A STARS, HELIUM, STELLAR CONVECTION, STELLAR GRAVITATION, STELLAR INTERIORS, STELLAR TEMPERATURE},
     year = 1992,
    month = dec,
   volume = 86,
    pages = {309-324},
   adsurl = {http://adsabs.harvard.edu/abs/1992JRASC..86..309B},
  adsnote = {Provided by the SAO/NASA Astrophysics Data System}
}

@ARTICLE{2006ApJS..167...40E,
   author = {{Eisenstein}, D.~J. and {Liebert}, J. and {Harris}, H.~C. and 
	{Kleinman}, S.~J. and {Nitta}, A. and {Silvestri}, N. and {Anderson}, S.~A. and 
	{Barentine}, J.~C. and {Brewington}, H.~J. and {Brinkmann}, J. and 
	{Harvanek}, M. and {Krzesi{\'n}ski}, J. and {Neilsen}, Jr., E.~H. and 
	{Long}, D. and {Schneider}, D.~P. and {Snedden}, S.~A.},
    title = "{A Catalog of Spectroscopically Confirmed White Dwarfs from the Sloan Digital Sky Survey Data Release 4}",
  journal = {\apjs},
   eprint = {arXiv:astro-ph/0606700},
 keywords = {Catalogs, Stars: Subdwarfs, Stars: White Dwarfs},
     year = 2006,
    month = nov,
   volume = 167,
    pages = {40-58},
      doi = {10.1086/507110},
   adsurl = {http://adsabs.harvard.edu/abs/2006ApJS..167...40E},
  adsnote = {Provided by the SAO/NASA Astrophysics Data System}
}

@ARTICLE{2006AJ....132.1221H,
   author = {{Holberg}, J.~B. and {Bergeron}, P.},
    title = "{Calibration of Synthetic Photometry Using DA White Dwarfs}",
  journal = {\aj},
 keywords = {Standards, Stars: Fundamental Parameters, Stars: Individual: Name: Vega, Techniques: Photometric, Stars: White Dwarfs},
     year = 2006,
    month = sep,
   volume = 132,
    pages = {1221-1233},
      doi = {10.1086/505938},
   adsurl = {http://adsabs.harvard.edu/abs/2006AJ....132.1221H},
  adsnote = {Provided by the SAO/NASA Astrophysics Data System}
}

@ARTICLE{2004MNRAS.352.1255M,
   author = {{MacDonald}, E.~C. and {Allen}, P. and {Dalton}, G. and {Moustakas}, L.~A. and 
	{Heymans}, C. and {Edmondson}, E. and {Blake}, C. and {Clewley}, L. and 
	{Hammell}, M.~C. and {Olding}, E. and {Miller}, L. and {Rawlings}, S. and 
	{Wall}, J. and {Wegner}, G. and {Wolf}, C.},
    title = "{The Oxford-Dartmouth Thirty Degree Survey - I. Observations and calibration of a wide-field multiband survey}",
  journal = {\mnras},
   eprint = {arXiv:astro-ph/0405208},
 keywords = {catalogues, surveys, galaxies: general, cosmology: observations, large-scale structure of Universe},
     year = 2004,
    month = aug,
   volume = 352,
    pages = {1255-1272},
      doi = {10.1111/j.1365-2966.2004.08014.x},
   adsurl = {http://adsabs.harvard.edu/abs/2004MNRAS.352.1255M},
  adsnote = {Provided by the SAO/NASA Astrophysics Data System}
}



@ARTICLE{2004AJ....128.3053B,
   author = {{Bohlin}, R.~C. and {Gilliland}, R.~L.},
    title = "{Absolute Flux Distribution of the SDSS Standard BD +17{\deg}4708}",
  journal = {\aj},
 keywords = {Stars: Fundamental Parameters, Stars: Individual: Alphanumeric: BD +17{\deg}4708, Techniques: Spectroscopic},
     year = 2004,
    month = dec,
   volume = 128,
    pages = {3053-3060},
      doi = {10.1086/425880},
   adsurl = {http://adsabs.harvard.edu/abs/2004AJ....128.3053B},
  adsnote = {Provided by the SAO/NASA Astrophysics Data System}
}

@ARTICLE{Frieman2008,
   author = {{Frieman}, J.~A. and {Bassett}, B. and {Becker}, A. and {Choi}, C. and 
	{Cinabro}, D. and {DeJongh}, F. and {Depoy}, D.~L. and {Dilday}, B. and 
	{Doi}, M. and {Garnavich}, P.~M. and {Hogan}, C.~J. and {Holtzman}, J. and 
	{Im}, M. and {Jha}, S. and {Kessler}, R. and {Konishi}, K. and 
	{Lampeitl}, H. and {Marriner}, J. and {Marshall}, J.~L. and 
	{McGinnis}, D. and {Miknaitis}, G. and {Nichol}, R.~C. and {Prieto}, J.~L. and 
	{Riess}, A.~G. and {Richmond}, M.~W. and {Romani}, R. and {Sako}, M. and 
	{Schneider}, D.~P. and {Smith}, M. and {Takanashi}, N. and {Tokita}, K. and 
	{van der Heyden}, K. and {Yasuda}, N. and {Zheng}, C. and {Adelman-McCarthy}, J. and 
	{Annis}, J. and {Assef}, R.~J. and {Barentine}, J. and {Bender}, R. and 
	{Blandford}, R.~D. and {Boroski}, W.~N. and {Bremer}, M. and 
	{Brewington}, H. and {Collins}, C.~A. and {Crotts}, A. and {Dembicky}, J. and 
	{Eastman}, J. and {Edge}, A. and {Edmondson}, E. and {Elson}, E. and 
	{Eyler}, M.~E. and {Filippenko}, A.~V. and {Foley}, R.~J. and 
	{Frank}, S. and {Goobar}, A. and {Gueth}, T. and {Gunn}, J.~E. and 
	{Harvanek}, M. and {Hopp}, U. and {Ihara}, Y. and {Ivezi{\'c}}, {\v Z}. and 
	{Kahn}, S. and {Kaplan}, J. and {Kent}, S. and {Ketzeback}, W. and 
	{Kleinman}, S.~J. and {Kollatschny}, W. and {Kron}, R.~G. and 
	{Krzesi{\'n}ski}, J. and {Lamenti}, D. and {Leloudas}, G. and 
	{Lin}, H. and {Long}, D.~C. and {Lucey}, J. and {Lupton}, R.~H. and 
	{Malanushenko}, E. and {Malanushenko}, V. and {McMillan}, R.~J. and 
	{Mendez}, J. and {Morgan}, C.~W. and {Morokuma}, T. and {Nitta}, A. and 
	{Ostman}, L. and {Pan}, K. and {Rockosi}, C.~M. and {Romer}, A.~K. and 
	{Ruiz-Lapuente}, P. and {Saurage}, G. and {Schlesinger}, K. and 
	{Snedden}, S.~A. and {Sollerman}, J. and {Stoughton}, C. and 
	{Stritzinger}, M. and {Subba Rao}, M. and {Tucker}, D. and {Vaisanen}, P. and 
	{Watson}, L.~C. and {Watters}, S. and {Wheeler}, J.~C. and {Yanny}, B. and 
	{York}, D.},
    title = "{The Sloan Digital Sky Survey-II Supernova Survey: Technical Summary}",
  journal = {\aj},
archivePrefix = "arXiv",
   eprint = {0708.2749},
 keywords = {supernovae: general, surveys},
     year = 2008,
    month = jan,
   volume = 135,
    pages = {338-347},
      doi = {10.1088/0004-6256/135/1/338},
   adsurl = {http://adsabs.harvard.edu/abs/2008AJ....135..338F},
  adsnote = {Provided by the SAO/NASA Astrophysics Data System}
}

@ARTICLE{High09,
  author = {{High}, F.~W. and {Stubbs}, C.~W. and {Rest}, A. and {Stalder}, B.
	and {Challis}, P.},
  title = {{Stellar Locus Regression: Accurate Color Calibration and the Real-Time
	Determination of Galaxy Cluster Photometric Redshifts}},
  journal = {\aj},
  year = {2009},
  volume = {138},
  pages = {110-129},
  month = jul,
  adsnote = {Provided by the SAO/NASA Astrophysics Data System},
  adsurl = {http://adsabs.harvard.edu/abs/2009AJ....138..110H},
  archiveprefix = {arXiv},
  doi = {10.1088/0004-6256/138/1/110},
  eprint = {0903.5302},
  keywords = {galaxies: fundamental parameters, methods: data analysis, stars: fundamental
	parameters, stars: statistics, techniques: photometric},
  pdf = {High09.pdf},
  primaryclass = {astro-ph.IM}
}
@ARTICLE{Ivezic04,
  author = {{Ivezi{\'c}}, {\v Z}. and {Lupton}, R.~H. and {Schlegel}, D. and
	{Boroski}, B. and {Adelman-McCarthy}, J. and {Yanny}, B. and {Kent},
	S. and {Stoughton}, C. and {Finkbeiner}, D. and {Padmanabhan}, N.
	and {Rockosi}, C.~M. and {Gunn}, J.~E. and {Knapp}, G.~R. and {Strauss},
	M.~A. and {Richards}, G.~T. and {Eisenstein}, D. and {Nicinski},
	T. and {Kleinman}, S.~J. and {Krzesinski}, J. and {Newman}, P.~R.
	and {Snedden}, S. and {Thakar}, A.~R. and {Szalay}, A. and {Munn},
	J.~A. and {Smith}, J.~A. and {Tucker}, D. and {Lee}, B.~C.},
  title = {{SDSS data management and photometric quality assessment}},
  journal = {Astronomische Nachrichten},
  year = {2004},
  volume = {325},
  pages = {583-589},
  month = oct,
  adsnote = {Provided by the SAO/NASA Astrophysics Data System},
  adsurl = {http://adsabs.harvard.edu/abs/2004AN....325..583I},
  doi = {10.1002/asna.200410285},
  eprint = {arXiv:astro-ph/0410195},
  keywords = {surveys, techniques: photometric, methods: data analysis, stars: fundamental
	parameters, stars: statistics},
  pdf = {Ivezic04.pdf}
}
@ARTICLE{Schlafly10,
  author = {{Schlafly}, E.~F. and {Finkbeiner}, D.~P. and {Schlegel}, D.~J. and
	{Juri{\'c}}, M. and {Ivezi{\'c}}, {\v Z}. and {Gibson}, R.~R. and
	{Knapp}, G.~R. and {Weaver}, B.~A.},
  title = {{The Blue Tip of the Stellar Locus: Measuring Reddening with the
	Sloan Digital Sky Survey}},
  journal = {\apj},
  year = {2010},
  volume = {725},
  pages = {1175-1191},
  month = dec,
  adsnote = {Provided by the SAO/NASA Astrophysics Data System},
  adsurl = {http://adsabs.harvard.edu/abs/2010ApJ...725.1175S},
  archiveprefix = {arXiv},
  doi = {10.1088/0004-637X/725/1/1175},
  eprint = {1009.4933},
  keywords = {dust, extinction, Galaxy: stellar content, ISM: clouds},
  pdf = {Schlafly13.pdf},
  primaryclass = {astro-ph.GA}
}

@ARTICLE{Hansen1975,
   author = {{Hansen}, O.~L. and {Caimanque}, L.},
    title = "{Precipitable Water Above Cerro ToIolo Between 1971 and 1975}",
  journal = {\pasp},
     year = 1975,
    month = dec,
   volume = 87,
    pages = {935},
      doi = {10.1086/129875},
   adsurl = {http://adsabs.harvard.edu/abs/1975PASP...87..935H},
  adsnote = {Provided by the SAO/NASA Astrophysics Data System}
}

@INPROCEEDINGS{Radomski2010,
   author = {{Radomski}, J. and {Trancho}, G. and {Fuhrman}, L. and {Falvey}, M. and 
	{Gigoux}, P. and {Montes}, V. and {Daruich}, F. and {Lazo}, M.
	},
    title = "{The GPS water vapor monitor and thermal astronomy at Gemini South}",
booktitle = {Society of Photo-Optical Instrumentation Engineers (SPIE) Conference Series},
     year = 2010,
   series = {Society of Photo-Optical Instrumentation Engineers (SPIE) Conference Series},
   volume = 7737,
    month = jul,
      eid = {77371S},
      doi = {10.1117/12.857073},
   adsurl = {http://adsabs.harvard.edu/abs/2010SPIE.7737E..43R},
  adsnote = {Provided by the SAO/NASA Astrophysics Data System}
}

@ARTICLE{StubbsTonry2012,
   author = {{Stubbs}, C.~W. and {Tonry}, J.~L.},
    title = "{Addressing the Photometric Calibration Challenge: Explicit Determination of the Instrumental Response and Atmospheric Response Functions, and Tying it All Together}",
  journal = {ArXiv e-prints},
archivePrefix = "arXiv",
   eprint = {1206.6695},
 primaryClass = "astro-ph.IM",
 keywords = {Astrophysics - Instrumentation and Methods for Astrophysics},
     year = 2012,
    month = jun,
   adsurl = {http://adsabs.harvard.edu/abs/2012arXiv1206.6695S},
  adsnote = {Provided by the SAO/NASA Astrophysics Data System}
}

@ARTICLE{Tonry2012,
   author = {{Tonry}, J.~L. and {Stubbs}, C.~W. and {Lykke}, K.~R. and {Doherty}, P. and 
	{Shivvers}, I.~S. and {Burgett}, W.~S. and {Chambers}, K.~C. and 
	{Hodapp}, K.~W. and {Kaiser}, N. and {Kudritzki}, R.-P. and 
	{Magnier}, E.~A. and {Morgan}, J.~S. and {Price}, P.~A. and 
	{Wainscoat}, R.~J.},
    title = "{The Pan-STARRS1 Photometric System}",
  journal = {\apj},
archivePrefix = "arXiv",
   eprint = {1203.0297},
 primaryClass = "astro-ph.IM",
 keywords = {atmospheric effects, instrumentation: photometers, surveys, techniques: photometric},
     year = 2012,
    month = may,
   volume = 750,
      eid = {99},
    pages = {99},
      doi = {10.1088/0004-637X/750/2/99},
   adsurl = {http://adsabs.harvard.edu/abs/2012ApJ...750...99T},
  adsnote = {Provided by the SAO/NASA Astrophysics Data System}
}
@ARTICLE{Veselovskii2013,
   author = {{Veselovskii}, I. and {Whiteman}, D.~N. and {Korenskiy}, M. and 
	{Kolgotin}, A. and {Dubovik}, O. and {Perez-Ramirez}, D.},
    title = "{Retrieval of height-temporal distributions of particle parameters from multiwavelength lidar measurements using linear estimation technique and comparison results with AERONET}",
  journal = {Atmospheric Measurement Techniques Discussions},
     year = 2013,
    month = mar,
   volume = 6,
    pages = {3059-3088},
      doi = {10.5194/amtd-6-3059-2013},
   adsurl = {http://adsabs.harvard.edu/abs/2013AMTD....6.3059V},
  adsnote = {Provided by the SAO/NASA Astrophysics Data System}
}

