
@ARTICLE{Holmes12,
  author = {{Holmes}, R. and {Hogg}, D.~W. and {Rix}, H.-W.},
  title = {{Designing Imaging Surveys for a Retrospective Relative Photometric
	Calibration}},
  journal = {\pasp},
  year = {2012},
  volume = {124},
  pages = {1219-1231},
  month = nov,
  adsnote = {Provided by the SAO/NASA Astrophysics Data System},
  adsurl = {http://adsabs.harvard.edu/abs/2012PASP..124.1219H},
  archiveprefix = {arXiv},
  doi = {10.1086/668656},
  eprint = {1203.6255},
  keywords = {Data Analysis and Techniques},
  pdf = {Holmes12.pdf},
  primaryclass = {astro-ph.IM}
}

@ARTICLE{pad08,
  author = {{Padmanabhan}, N. and {Schlegel}, D.~J. and {Finkbeiner}, D.~P. and
	{Barentine}, J.~C. and {Blanton}, M.~R. and {Brewington}, H.~J. and
	{Gunn}, J.~E. and {Harvanek}, M. and {Hogg}, D.~W. and {Ivezi{\'c}},
	{\v Z}. and {Johnston}, D. and {Kent}, S.~M. and {Kleinman}, S.~J.
	and {Knapp}, G.~R. and {Krzesinski}, J. and {Long}, D. and {Neilsen},
	Jr., E.~H. and {Nitta}, A. and {Loomis}, C. and {Lupton}, R.~H. and
	{Roweis}, S. and {Snedden}, S.~A. and {Strauss}, M.~A. and {Tucker},
	D.~L.},
  title = {{An Improved Photometric Calibration of the Sloan Digital Sky Survey
	Imaging Data}},
  journal = {\apj},
  year = {2008},
  volume = {674},
  pages = {1217-1233},
  month = feb,
  adsnote = {Provided by the SAO/NASA Astrophysics Data System},
  adsurl = {http://adsabs.harvard.edu/abs/2008ApJ...674.1217P},
  doi = {10.1086/524677},
  eprint = {arXiv:astro-ph/0703454},
  keywords = {Techniques: Photometric},
  pdf = {Padman08.pdf}
}
@ARTICLE{2012PASP..124...62O,
  author = {{Ofek}, E.~O. and {Laher}, R. and {Law}, N. and {Surace}, J. and
	{Levitan}, D. and {Sesar}, B. and {Horesh}, A. and {Poznanski}, D.
	and {van Eyken}, J.~C. and {Kulkarni}, S.~R. and {Nugent}, P. and
	{Zolkower}, J. and {Walters}, R. and {Sullivan}, M. and {Ag{\"u}eros},
	M. and {Bildsten}, L. and {Bloom}, J. and {Cenko}, S.~B. and {Gal-Yam},
	A. and {Grillmair}, C. and {Helou}, G. and {Kasliwal}, M.~M. and
	{Quimby}, R. },
  title = {{The Palomar Transient Factory Photometric Calibration}},
  journal = {\pasp},
  year = {2012},
  volume = {124},
  pages = {62-73},
  month = jan,
  adsnote = {Provided by the SAO/NASA Astrophysics Data System},
  adsurl = {http://adsabs.harvard.edu/abs/2012PASP..124...62O},
  archiveprefix = {arXiv},
  doi = {10.1086/664065},
  eprint = {1112.4851},
  keywords = {Data Analysis and Techniques},
  pdf = {Ofek12.pdf},
  primaryclass = {astro-ph.IM}
}
@ARTICLE{Ofek11,
  author = {{Ofek}, E.~O. and {Frail}, D.~A. and {Breslauer}, B. and {Kulkarni},
	S.~R. and {Chandra}, P. and {Gal-Yam}, A. and {Kasliwal}, M.~M. and
	{Gehrels}, N. },
  title = {{A Very Large Array Search for 5 GHz Radio Transients and Variables
	at Low Galactic Latitudes}},
  journal = {\apj},
  year = {2011},
  volume = {740},
  pages = {65},
  month = oct,
  eid = {65},
  adsnote = {Provided by the SAO/NASA Astrophysics Data System},
  adsurl = {http://adsabs.harvard.edu/abs/2011ApJ...740...65O},
  archiveprefix = {arXiv},
  doi = {10.1088/0004-637X/740/2/65},
  eprint = {1103.3010},
  keywords = {radio continuum: general, stars: neutron, techniques: photometric},
  pdf = {Ofek11.pdf},
  primaryclass = {astro-ph.HE}
}

@ARTICLE{Schaf12,
   author = {{Schlafly}, E.~F. and {Finkbeiner}, D.~P. and {Juri{\'c}}, M. and 
	{Magnier}, E.~A. and {Burgett}, W.~S. and {Chambers}, K.~C. and 
	{Grav}, T. and {Hodapp}, K.~W. and {Kaiser}, N. and {Kudritzki}, R.-P. and 
	{Martin}, N.~F. and {Morgan}, J.~S. and {Price}, P.~A. and {Rix}, H.-W. and 
	{Stubbs}, C.~W. and {Tonry}, J.~L. and {Wainscoat}, R.~J.},
    title = "{Photometric Calibration of the First 1.5 Years of the Pan-STARRS1 Survey}",
  journal = {\apj},
archivePrefix = "arXiv",
   eprint = {1201.2208},
 primaryClass = "astro-ph.IM",
 keywords = {atmospheric effects, methods: data analysis, surveys, techniques: photometric},
     year = 2012,
    month = sep,
   volume = 756,
      eid = {158},
    pages = {158},
      doi = {10.1088/0004-637X/756/2/158},
   adsurl = {http://adsabs.harvard.edu/abs/2012ApJ...756..158S},
  adsnote = {Provided by the SAO/NASA Astrophysics Data System}
}
@ARTICLE{High09,
  author = {{High}, F.~W. and {Stubbs}, C.~W. and {Rest}, A. and {Stalder}, B.
	and {Challis}, P.},
  title = {{Stellar Locus Regression: Accurate Color Calibration and the Real-Time
	Determination of Galaxy Cluster Photometric Redshifts}},
  journal = {\aj},
  year = {2009},
  volume = {138},
  pages = {110-129},
  month = jul,
  adsnote = {Provided by the SAO/NASA Astrophysics Data System},
  adsurl = {http://adsabs.harvard.edu/abs/2009AJ....138..110H},
  archiveprefix = {arXiv},
  doi = {10.1088/0004-6256/138/1/110},
  eprint = {0903.5302},
  keywords = {galaxies: fundamental parameters, methods: data analysis, stars: fundamental
	parameters, stars: statistics, techniques: photometric},
  pdf = {High09.pdf},
  primaryclass = {astro-ph.IM}
}
@ARTICLE{Ivezic2007,
  author = {{Ivezi{\'c}}, {\v Z}. and {Smith}, J.~A. and {Miknaitis}, G. and
	{Lin}, H. and {Tucker}, D. and {Lupton}, R.~H. and {Gunn}, J.~E.
	and {Knapp}, G.~R. and {Strauss}, M.~A. and {Sesar}, B. and {Doi},
	M. and {Tanaka}, M. and {Fukugita}, M. and {Holtzman}, J. and {Kent},
	S. and {Yanny}, B. and {Schlegel}, D. and {Finkbeiner}, D. and {Padmanabhan},
	N. and {Rockosi}, C.~M. and {Juri{\'c}}, M. and {Bond}, N. and {Lee},
	B. and {Stoughton}, C. and {Jester}, S. and {Harris}, H. and {Harding},
	P. and {Morrison}, H. and {Brinkmann}, J. and {Schneider}, D.~P.
	and {York}, D.},
  title = {{Sloan Digital Sky Survey Standard Star Catalog for Stripe 82: The
	Dawn of Industrial 1\% Optical Photometry}},
  journal = {\aj},
  year = {2007},
  volume = {134},
  pages = {973-998},
  month = sep,
  adsnote = {Provided by the SAO/NASA Astrophysics Data System},
  adsurl = {http://adsabs.harvard.edu/abs/2007AJ....134..973I},
  doi = {10.1086/519976},
  eprint = {arXiv:astro-ph/0703157},
  keywords = {catalogs, instrumentation: photometers, methods: data analysis, standards,
	surveys, techniques: photometric},
  pdf = {Ivezic07b.pdf}
}
@ARTICLE{Burke2010,
  author = {{Burke}, D.~L. and {Axelrod}, T. and {Blondin}, S. and {Claver},
	C. and {Ivezi{\'c}}, {\v Z}. and {Jones}, L. and {Saha}, A. and {Smith},
	A. and {Smith}, R.~C. and {Stubbs}, C.~W.},
  title = {{Precision Determination of Atmospheric Extinction at Optical and
	Near-infrared Wavelengths}},
  journal = {\apj},
  year = {2010},
  volume = {720},
  pages = {811-823},
  month = sep,
  adsnote = {Provided by the SAO/NASA Astrophysics Data System},
  adsurl = {http://adsabs.harvard.edu/abs/2010ApJ...720..811B},
  doi = {10.1088/0004-637X/720/1/811},
  keywords = {atmospheric effects, methods: observational, surveys, techniques:
	photometric},
  pdf = {Burke10.pdf}
}
